<record><leader>00000cas a22000007a 4500</leader><controlfield tag="001">15958675</controlfield><controlfield tag="008">870615d18981907iaucr ne      0    0eng d</controlfield><datafield ind1=" " ind2=" " tag="010"><subfield code="a">sn 87058284 </subfield></datafield><datafield ind1=" " ind2=" " tag="040"><subfield code="a">INP</subfield><subfield code="b">eng</subfield><subfield code="c">INP</subfield><subfield code="d">OCLCQ</subfield></datafield><datafield ind1=" " ind2=" " tag="042"><subfield code="a">msc</subfield></datafield><datafield ind1="0" ind2="0" tag="245"><subfield code="a">Semiweekly Waterloo courier.</subfield></datafield><datafield ind1="3" ind2="0" tag="246"><subfield code="a">Semi weekly Waterloo courier</subfield></datafield><datafield ind1="3" ind2="0" tag="246"><subfield code="a">Waterloo courier</subfield></datafield><datafield ind1="3" ind2="0" tag="246"><subfield code="a">Semi-weekly courier</subfield></datafield><datafield ind1=" " ind2=" " tag="260"><subfield code="a">Waterloo, Iowa :</subfield><subfield code="b">W.H. Hartman Co.,</subfield><subfield code="c">-1907.</subfield></datafield><datafield ind1=" " ind2=" " tag="300"><subfield code="a">v.</subfield></datafield><datafield ind1=" " ind2=" " tag="310"><subfield code="a">Semiweekly</subfield></datafield><datafield ind1="1" ind2=" " tag="362"><subfield code="a">Began in 1898?</subfield></datafield><datafield ind1="0" ind2=" " tag="362"><subfield code="a">-48th year, whole no. 2508 (Dec. 6, 1907).</subfield></datafield><datafield ind1=" " ind2=" " tag="500"><subfield code="a">Published as: Semi weekly Waterloo courier, &lt;Mar. 16, 1900&gt;-Dec. 6, 1907.</subfield></datafield><datafield ind1=" " ind2=" " tag="515"><subfield code="a">Issues for &lt;Jan. 27, 1899&gt;-Dec. 6, 1907 called also whole no. &lt;2120&gt;-2508.</subfield></datafield><datafield ind1=" " ind2=" " tag="588"><subfield code="a">Description based on: Vol. 42, no. 39 (Jan. 27, 1899).</subfield></datafield><datafield ind1=" " ind2=" " tag="752"><subfield code="a">United States</subfield><subfield code="b">Iowa</subfield><subfield code="c">Black Hawk</subfield><subfield code="d">Waterloo.</subfield></datafield><datafield ind1="0" ind2=" " tag="775"><subfield code="t">Waterloo daily courier (Waterloo, Iowa : 1890)</subfield><subfield code="w">(DLC)sn 87058315</subfield><subfield code="g">&lt;Jan. 27, 1899&gt;-1907</subfield></datafield><datafield ind1="0" ind2="0" tag="780"><subfield code="t">Waterloo courier (Waterloo, Iowa : 1859)</subfield><subfield code="w">(DLC)sn 84038524</subfield></datafield><datafield ind1="0" ind2="0" tag="785"><subfield code="t">Waterloo semi weekly courier</subfield><subfield code="w">(DLC)sn 87058285</subfield></datafield></record>